%YAML 1.1
%TAG !u! tag:unity3d.com,2011:
--- !u!1 &2051729603971608181
GameObject:
  m_ObjectHideFlags: 0
  m_CorrespondingSourceObject: {fileID: 0}
  m_PrefabInstance: {fileID: 0}
  m_PrefabAsset: {fileID: 0}
  serializedVersion: 6
  m_Component:
  - component: {fileID: 2051729603971969621}
  - component: {fileID: 2051729603970642549}
  - component: {fileID: 2051729603969675445}
  m_Layer: 0
  m_Name: Arrow
  m_TagString: Untagged
  m_Icon: {fileID: 0}
  m_NavMeshLayer: 0
  m_StaticEditorFlags: 0
  m_IsActive: 0
--- !u!4 &2051729603971969621
Transform:
  m_ObjectHideFlags: 0
  m_CorrespondingSourceObject: {fileID: 0}
  m_PrefabInstance: {fileID: 0}
  m_PrefabAsset: {fileID: 0}
  m_GameObject: {fileID: 2051729603971608181}
  m_LocalRotation: {x: -0.7071068, y: 0, z: 0, w: 0.7071068}
  m_LocalPosition: {x: 0, y: 0, z: 0}
  m_LocalScale: {x: 1, y: 1, z: 1}
  m_Children: []
  m_Father: {fileID: 3919876697811075182}
  m_RootOrder: 0
  m_LocalEulerAnglesHint: {x: -90, y: 0, z: 0}
--- !u!33 &2051729603970642549
MeshFilter:
  m_ObjectHideFlags: 0
  m_CorrespondingSourceObject: {fileID: 0}
  m_PrefabInstance: {fileID: 0}
  m_PrefabAsset: {fileID: 0}
  m_GameObject: {fileID: 2051729603971608181}
  m_Mesh: {fileID: 4300000, guid: ee2b0b8603974134a87ae197eac676d7, type: 3}
--- !u!23 &2051729603969675445
MeshRenderer:
  m_ObjectHideFlags: 0
  m_CorrespondingSourceObject: {fileID: 0}
  m_PrefabInstance: {fileID: 0}
  m_PrefabAsset: {fileID: 0}
  m_GameObject: {fileID: 2051729603971608181}
  m_Enabled: 1
  m_CastShadows: 1
  m_ReceiveShadows: 1
  m_DynamicOccludee: 1
  m_MotionVectors: 1
  m_LightProbeUsage: 1
  m_ReflectionProbeUsage: 1
  m_RayTracingMode: 2
  m_RayTraceProcedural: 0
  m_RenderingLayerMask: 1
  m_RendererPriority: 0
  m_Materials:
  - {fileID: 2100000, guid: 3a04ed064e40d4a42a4489e068d25693, type: 2}
  m_StaticBatchInfo:
    firstSubMesh: 0
    subMeshCount: 0
  m_StaticBatchRoot: {fileID: 0}
  m_ProbeAnchor: {fileID: 0}
  m_LightProbeVolumeOverride: {fileID: 0}
  m_ScaleInLightmap: 1
  m_ReceiveGI: 1
  m_PreserveUVs: 0
  m_IgnoreNormalsForChartDetection: 0
  m_ImportantGI: 0
  m_StitchLightmapSeams: 1
  m_SelectedEditorRenderState: 3
  m_MinimumChartSize: 4
  m_AutoUVMaxDistance: 0.5
  m_AutoUVMaxAngle: 89
  m_LightmapParameters: {fileID: 0}
  m_SortingLayerID: 0
  m_SortingLayer: 0
  m_SortingOrder: 0
  m_AdditionalVertexStreams: {fileID: 0}
--- !u!1 &3215577793533535200
GameObject:
  m_ObjectHideFlags: 0
  m_CorrespondingSourceObject: {fileID: 0}
  m_PrefabInstance: {fileID: 0}
  m_PrefabAsset: {fileID: 0}
  serializedVersion: 6
  m_Component:
  - component: {fileID: 3215577793533640640}
  - component: {fileID: 3215577793530216416}
  - component: {fileID: 3215577793531346208}
  m_Layer: 0
  m_Name: bow
  m_TagString: Untagged
  m_Icon: {fileID: 0}
  m_NavMeshLayer: 0
  m_StaticEditorFlags: 0
  m_IsActive: 0
--- !u!4 &3215577793533640640
Transform:
  m_ObjectHideFlags: 0
  m_CorrespondingSourceObject: {fileID: 0}
  m_PrefabInstance: {fileID: 0}
  m_PrefabAsset: {fileID: 0}
  m_GameObject: {fileID: 3215577793533535200}
  m_LocalRotation: {x: 0, y: -0, z: -0, w: 1}
  m_LocalPosition: {x: -0, y: 0, z: 0}
  m_LocalScale: {x: 1, y: 1, z: 1}
  m_Children: []
  m_Father: {fileID: 3215577793533640650}
  m_RootOrder: 0
  m_LocalEulerAnglesHint: {x: 0, y: 0, z: 0}
--- !u!33 &3215577793530216416
MeshFilter:
  m_ObjectHideFlags: 0
  m_CorrespondingSourceObject: {fileID: 0}
  m_PrefabInstance: {fileID: 0}
  m_PrefabAsset: {fileID: 0}
  m_GameObject: {fileID: 3215577793533535200}
  m_Mesh: {fileID: 4300002, guid: ee2b0b8603974134a87ae197eac676d7, type: 3}
--- !u!23 &3215577793531346208
MeshRenderer:
  m_ObjectHideFlags: 0
  m_CorrespondingSourceObject: {fileID: 0}
  m_PrefabInstance: {fileID: 0}
  m_PrefabAsset: {fileID: 0}
  m_GameObject: {fileID: 3215577793533535200}
  m_Enabled: 1
  m_CastShadows: 1
  m_ReceiveShadows: 1
  m_DynamicOccludee: 1
  m_MotionVectors: 1
  m_LightProbeUsage: 1
  m_ReflectionProbeUsage: 1
  m_RayTracingMode: 2
  m_RayTraceProcedural: 0
  m_RenderingLayerMask: 1
  m_RendererPriority: 0
  m_Materials:
  - {fileID: 2100000, guid: 3a04ed064e40d4a42a4489e068d25693, type: 2}
  m_StaticBatchInfo:
    firstSubMesh: 0
    subMeshCount: 0
  m_StaticBatchRoot: {fileID: 0}
  m_ProbeAnchor: {fileID: 0}
  m_LightProbeVolumeOverride: {fileID: 0}
  m_ScaleInLightmap: 1
  m_ReceiveGI: 1
  m_PreserveUVs: 0
  m_IgnoreNormalsForChartDetection: 0
  m_ImportantGI: 0
  m_StitchLightmapSeams: 1
  m_SelectedEditorRenderState: 3
  m_MinimumChartSize: 4
  m_AutoUVMaxDistance: 0.5
  m_AutoUVMaxAngle: 89
  m_LightmapParameters: {fileID: 0}
  m_SortingLayerID: 0
  m_SortingLayer: 0
  m_SortingOrder: 0
  m_AdditionalVertexStreams: {fileID: 0}
--- !u!1 &3215577793533535210
GameObject:
  m_ObjectHideFlags: 0
  m_CorrespondingSourceObject: {fileID: 0}
  m_PrefabInstance: {fileID: 0}
  m_PrefabAsset: {fileID: 0}
  serializedVersion: 6
  m_Component:
  - component: {fileID: 3215577793533640650}
  m_Layer: 0
  m_Name: Weapon Location
  m_TagString: Untagged
  m_Icon: {fileID: 0}
  m_NavMeshLayer: 0
  m_StaticEditorFlags: 0
  m_IsActive: 1
--- !u!4 &3215577793533640650
Transform:
  m_ObjectHideFlags: 0
  m_CorrespondingSourceObject: {fileID: 0}
  m_PrefabInstance: {fileID: 0}
  m_PrefabAsset: {fileID: 0}
  m_GameObject: {fileID: 3215577793533535210}
  m_LocalRotation: {x: 0.20243542, y: 0.85779107, z: 0.279752, w: -0.38072735}
  m_LocalPosition: {x: -0.0213, y: -0.0559, z: -0.0345}
  m_LocalScale: {x: 0.5, y: 0.5, z: 0.5}
  m_Children:
  - {fileID: 3215577793533640640}
  m_Father: {fileID: 3852296357327270883}
  m_RootOrder: 0
  m_LocalEulerAnglesHint: {x: -39.352, y: 224.284, z: 10}
--- !u!1 &3852296355977427787
GameObject:
  m_ObjectHideFlags: 0
  m_CorrespondingSourceObject: {fileID: 0}
  m_PrefabInstance: {fileID: 0}
  m_PrefabAsset: {fileID: 0}
  serializedVersion: 6
  m_Component:
  - component: {fileID: 3852296355977427797}
  - component: {fileID: 3852296355977427796}
  m_Layer: 0
  m_Name: Enemy Archer
  m_TagString: Untagged
  m_Icon: {fileID: 0}
  m_NavMeshLayer: 0
  m_StaticEditorFlags: 0
  m_IsActive: 1
--- !u!4 &3852296355977427797
Transform:
  m_ObjectHideFlags: 0
  m_CorrespondingSourceObject: {fileID: 0}
  m_PrefabInstance: {fileID: 0}
  m_PrefabAsset: {fileID: 0}
  m_GameObject: {fileID: 3852296355977427787}
  m_LocalRotation: {x: 0, y: 0, z: 0, w: 1}
  m_LocalPosition: {x: 0, y: 0.53, z: 0}
  m_LocalScale: {x: 1, y: 1, z: 1}
  m_Children:
  - {fileID: 3852296357649807435}
  - {fileID: 3852296357570770400}
  - {fileID: 1266282727573109540}
  m_Father: {fileID: 0}
  m_RootOrder: 0
  m_LocalEulerAnglesHint: {x: 0, y: 0, z: 0}
--- !u!114 &3852296355977427796
MonoBehaviour:
  m_ObjectHideFlags: 0
  m_CorrespondingSourceObject: {fileID: 0}
  m_PrefabInstance: {fileID: 0}
  m_PrefabAsset: {fileID: 0}
  m_GameObject: {fileID: 3852296355977427787}
  m_Enabled: 1
  m_EditorHideFlags: 0
  m_Script: {fileID: 11500000, guid: 9a21b439efb111242b0a04c2c26edce1, type: 3}
  m_Name: 
  m_EditorClassIdentifier: 
  _enemyAgent: {fileID: 3852296357649807445}
  _enemyAnimator: {fileID: 3852296357649807447}
  _enemyCollider: {fileID: 3852296357649807446}
  _enemyAttack: {fileID: 3852296357649807442}
  _enemyHealth: {fileID: 3852296357649807443}
  _enemyData: {fileID: 11400000, guid: f86bdcfe3b2d02b4c8f967b86a53d33a, type: 2}
  _enemyStateMachine: {fileID: 3852296357570770412}
  _enemyMeshRenderer: {fileID: 3852296357340701323}
  _itemSpawner: {fileID: 6105153210868450806}
  _deactivationDelay: 5
--- !u!1 &3852296357570770407
GameObject:
  m_ObjectHideFlags: 0
  m_CorrespondingSourceObject: {fileID: 0}
  m_PrefabInstance: {fileID: 0}
  m_PrefabAsset: {fileID: 0}
  serializedVersion: 6
  m_Component:
  - component: {fileID: 3852296357570770400}
  - component: {fileID: 3852296357570770412}
  - component: {fileID: 3852296357570770403}
  - component: {fileID: 3852296357570770402}
  - component: {fileID: 3852296357570770401}
  m_Layer: 0
  m_Name: Enemy State Machine
  m_TagString: Untagged
  m_Icon: {fileID: 0}
  m_NavMeshLayer: 0
  m_StaticEditorFlags: 0
  m_IsActive: 1
--- !u!4 &3852296357570770400
Transform:
  m_ObjectHideFlags: 0
  m_CorrespondingSourceObject: {fileID: 0}
  m_PrefabInstance: {fileID: 0}
  m_PrefabAsset: {fileID: 0}
  m_GameObject: {fileID: 3852296357570770407}
  m_LocalRotation: {x: -0, y: -0, z: -0, w: 1}
  m_LocalPosition: {x: 0, y: 0, z: 0}
  m_LocalScale: {x: 1, y: 1, z: 1}
  m_Children: []
  m_Father: {fileID: 3852296355977427797}
  m_RootOrder: 1
  m_LocalEulerAnglesHint: {x: 0, y: 0, z: 0}
--- !u!114 &3852296357570770412
MonoBehaviour:
  m_ObjectHideFlags: 0
  m_CorrespondingSourceObject: {fileID: 0}
  m_PrefabInstance: {fileID: 0}
  m_PrefabAsset: {fileID: 0}
  m_GameObject: {fileID: 3852296357570770407}
  m_Enabled: 1
  m_EditorHideFlags: 0
  m_Script: {fileID: 11500000, guid: 7c299fb1c2235c74f92924cdb133c911, type: 3}
  m_Name: 
  m_EditorClassIdentifier: 
  _currentState: {fileID: 3852296357570770403}
--- !u!114 &3852296357570770403
MonoBehaviour:
  m_ObjectHideFlags: 0
  m_CorrespondingSourceObject: {fileID: 0}
  m_PrefabInstance: {fileID: 0}
  m_PrefabAsset: {fileID: 0}
  m_GameObject: {fileID: 3852296357570770407}
  m_Enabled: 1
  m_EditorHideFlags: 0
  m_Script: {fileID: 11500000, guid: be7c783c8e3595442958ac83d8688083, type: 3}
  m_Name: 
  m_EditorClassIdentifier: 
  _stateMachine: {fileID: 3852296357570770412}
  nextState: {fileID: 3852296357570770402}
  _enemyAgent: {fileID: 3852296357649807445}
  _targetRadius: 4
--- !u!114 &3852296357570770402
MonoBehaviour:
  m_ObjectHideFlags: 0
  m_CorrespondingSourceObject: {fileID: 0}
  m_PrefabInstance: {fileID: 0}
  m_PrefabAsset: {fileID: 0}
  m_GameObject: {fileID: 3852296357570770407}
  m_Enabled: 1
  m_EditorHideFlags: 0
  m_Script: {fileID: 11500000, guid: 92eb3c07b5da63a429f110ac7e92aaa3, type: 3}
  m_Name: 
  m_EditorClassIdentifier: 
  _stateMachine: {fileID: 3852296357570770412}
  nextState: {fileID: 3852296357570770401}
  _enemyAgent: {fileID: 3852296357649807445}
--- !u!114 &3852296357570770401
MonoBehaviour:
  m_ObjectHideFlags: 0
  m_CorrespondingSourceObject: {fileID: 0}
  m_PrefabInstance: {fileID: 0}
  m_PrefabAsset: {fileID: 0}
  m_GameObject: {fileID: 3852296357570770407}
  m_Enabled: 1
  m_EditorHideFlags: 0
  m_Script: {fileID: 11500000, guid: 8dd423875050b804183316d833851a95, type: 3}
  m_Name: 
  m_EditorClassIdentifier: 
  _stateMachine: {fileID: 3852296357570770412}
  nextState: {fileID: 3852296357570770403}
  _enemyAgent: {fileID: 3852296357649807445}
  _attackDuration: 3
--- !u!1 &3852296357649807434
GameObject:
  m_ObjectHideFlags: 0
  m_CorrespondingSourceObject: {fileID: 0}
  m_PrefabInstance: {fileID: 0}
  m_PrefabAsset: {fileID: 0}
  serializedVersion: 6
  m_Component:
  - component: {fileID: 3852296357649807435}
  - component: {fileID: 3852296357649807445}
  - component: {fileID: 3852296357649807447}
  - component: {fileID: 3852296357649807446}
  - component: {fileID: 3852296357649807440}
  - component: {fileID: 3852296357649807442}
  - component: {fileID: 3852296357649807441}
  - component: {fileID: 3852296357649807443}
  m_Layer: 0
  m_Name: Enemy
  m_TagString: Untagged
  m_Icon: {fileID: 0}
  m_NavMeshLayer: 0
  m_StaticEditorFlags: 0
  m_IsActive: 1
--- !u!4 &3852296357649807435
Transform:
  m_ObjectHideFlags: 0
  m_CorrespondingSourceObject: {fileID: 0}
  m_PrefabInstance: {fileID: 0}
  m_PrefabAsset: {fileID: 0}
  m_GameObject: {fileID: 3852296357649807434}
  m_LocalRotation: {x: -0, y: -0, z: -0, w: 1}
  m_LocalPosition: {x: 0, y: 0, z: 0}
  m_LocalScale: {x: 1, y: 1, z: 1}
  m_Children:
  - {fileID: 3919876697811075182}
  - {fileID: 3852296357327270867}
  m_Father: {fileID: 3852296355977427797}
  m_RootOrder: 0
  m_LocalEulerAnglesHint: {x: 0, y: 0, z: 0}
--- !u!195 &3852296357649807445
NavMeshAgent:
  m_ObjectHideFlags: 0
  m_CorrespondingSourceObject: {fileID: 0}
  m_PrefabInstance: {fileID: 0}
  m_PrefabAsset: {fileID: 0}
  m_GameObject: {fileID: 3852296357649807434}
  m_Enabled: 1
  m_AgentTypeID: 0
  m_Radius: 0.5
  m_Speed: 3.5
  m_Acceleration: 8
  avoidancePriority: 50
  m_AngularSpeed: 120
  m_StoppingDistance: 0.5
  m_AutoTraverseOffMeshLink: 1
  m_AutoBraking: 1
  m_AutoRepath: 1
  m_Height: 2
  m_BaseOffset: 0
  m_WalkableMask: 4294967295
  m_ObstacleAvoidanceType: 4
--- !u!95 &3852296357649807447
Animator:
  serializedVersion: 3
  m_ObjectHideFlags: 0
  m_CorrespondingSourceObject: {fileID: 0}
  m_PrefabInstance: {fileID: 0}
  m_PrefabAsset: {fileID: 0}
  m_GameObject: {fileID: 3852296357649807434}
  m_Enabled: 1
  m_Avatar: {fileID: 9000000, guid: 1061988f6e82198489af127b82be075d, type: 3}
  m_Controller: {fileID: 9100000, guid: b9ab4af5ee744544281d0ec8a913a829, type: 2}
  m_CullingMode: 0
  m_UpdateMode: 0
  m_ApplyRootMotion: 0
  m_LinearVelocityBlending: 0
  m_WarningMessage: 
  m_HasTransformHierarchy: 1
  m_AllowConstantClipSamplingOptimization: 1
  m_KeepAnimatorControllerStateOnDisable: 0
--- !u!136 &3852296357649807446
CapsuleCollider:
  m_ObjectHideFlags: 0
  m_CorrespondingSourceObject: {fileID: 0}
  m_PrefabInstance: {fileID: 0}
  m_PrefabAsset: {fileID: 0}
  m_GameObject: {fileID: 3852296357649807434}
  m_Material: {fileID: 0}
  m_IsTrigger: 0
  m_Enabled: 1
  m_Radius: 1.00058
  m_Height: 3.6517215
  m_Direction: 1
  m_Center: {x: 0.013529152, y: 1.7723238, z: -0.054116845}
--- !u!54 &3852296357649807440
Rigidbody:
  m_ObjectHideFlags: 0
  m_CorrespondingSourceObject: {fileID: 0}
  m_PrefabInstance: {fileID: 0}
  m_PrefabAsset: {fileID: 0}
  m_GameObject: {fileID: 3852296357649807434}
  serializedVersion: 2
  m_Mass: 1
  m_Drag: 0
  m_AngularDrag: 0.05
  m_UseGravity: 1
  m_IsKinematic: 0
  m_Interpolate: 0
  m_Constraints: 126
  m_CollisionDetection: 2
--- !u!114 &3852296357649807442
MonoBehaviour:
  m_ObjectHideFlags: 0
  m_CorrespondingSourceObject: {fileID: 0}
  m_PrefabInstance: {fileID: 0}
  m_PrefabAsset: {fileID: 0}
  m_GameObject: {fileID: 3852296357649807434}
  m_Enabled: 1
  m_EditorHideFlags: 0
  m_Script: {fileID: 11500000, guid: ac155a27c9cf1e5458586192e1c9d8ee, type: 3}
  m_Name: 
  m_EditorClassIdentifier: 
  _enemyData: {fileID: 11400000, guid: f86bdcfe3b2d02b4c8f967b86a53d33a, type: 2}
  _weaponLocation: {fileID: 3215577793533640650}
  _projectilePooling: {fileID: 3852296357649807441}
--- !u!114 &3852296357649807441
MonoBehaviour:
  m_ObjectHideFlags: 0
  m_CorrespondingSourceObject: {fileID: 0}
  m_PrefabInstance: {fileID: 0}
  m_PrefabAsset: {fileID: 0}
  m_GameObject: {fileID: 3852296357649807434}
  m_Enabled: 1
  m_EditorHideFlags: 0
  m_Script: {fileID: 11500000, guid: e5e7d0914e19c4f45a56c16eed74893b, type: 3}
  m_Name: 
  m_EditorClassIdentifier: 
  _pooledGameObject: {fileID: 220720596868528707, guid: e6c954d175cf07b408884ca5f61835d7, type: 3}
  _pooledAmount: 10
  _pooledLocation: {fileID: 3919876697811075182}
--- !u!114 &3852296357649807443
MonoBehaviour:
  m_ObjectHideFlags: 0
  m_CorrespondingSourceObject: {fileID: 0}
  m_PrefabInstance: {fileID: 0}
  m_PrefabAsset: {fileID: 0}
  m_GameObject: {fileID: 3852296357649807434}
  m_Enabled: 1
  m_EditorHideFlags: 0
  m_Script: {fileID: 11500000, guid: a80507132e53010479ad4be45fb85a99, type: 3}
  m_Name: 
  m_EditorClassIdentifier: 
--- !u!1 &3919876697811075183
GameObject:
  m_ObjectHideFlags: 0
  m_CorrespondingSourceObject: {fileID: 0}
  m_PrefabInstance: {fileID: 0}
  m_PrefabAsset: {fileID: 0}
  serializedVersion: 6
  m_Component:
  - component: {fileID: 3919876697811075182}
  m_Layer: 0
  m_Name: Projectile Location
  m_TagString: Untagged
  m_Icon: {fileID: 0}
  m_NavMeshLayer: 0
  m_StaticEditorFlags: 0
  m_IsActive: 1
--- !u!4 &3919876697811075182
Transform:
  m_ObjectHideFlags: 0
  m_CorrespondingSourceObject: {fileID: 0}
  m_PrefabInstance: {fileID: 0}
  m_PrefabAsset: {fileID: 0}
  m_GameObject: {fileID: 3919876697811075183}
  m_LocalRotation: {x: 0.0000000016298146, y: 0.17816928, z: -9.313227e-10, w: 0.98399985}
  m_LocalPosition: {x: 0.1, y: 1.7, z: 1.69}
  m_LocalScale: {x: 0.4999997, y: 0.4999997, z: 0.49999964}
  m_Children:
  - {fileID: 2051729603971969621}
  m_Father: {fileID: 3852296357649807435}
  m_RootOrder: 0
  m_LocalEulerAnglesHint: {x: 0, y: 20.526, z: 0}
--- !u!1 &8013924297208058359
GameObject:
  m_ObjectHideFlags: 0
  m_CorrespondingSourceObject: {fileID: 0}
  m_PrefabInstance: {fileID: 0}
  m_PrefabAsset: {fileID: 0}
  serializedVersion: 6
  m_Component:
  - component: {fileID: 1266282727573109540}
  - component: {fileID: 6105153210868450806}
  - component: {fileID: 3880949976932292341}
  - component: {fileID: 350272987046774773}
  m_Layer: 0
  m_Name: Item Spawner
  m_TagString: Untagged
  m_Icon: {fileID: 0}
  m_NavMeshLayer: 0
  m_StaticEditorFlags: 0
  m_IsActive: 1
--- !u!4 &1266282727573109540
Transform:
  m_ObjectHideFlags: 0
  m_CorrespondingSourceObject: {fileID: 0}
  m_PrefabInstance: {fileID: 0}
  m_PrefabAsset: {fileID: 0}
  m_GameObject: {fileID: 8013924297208058359}
  m_LocalRotation: {x: 0, y: 0, z: 0, w: 1}
  m_LocalPosition: {x: 0, y: 0, z: 0}
  m_LocalScale: {x: 1, y: 1, z: 1}
  m_Children: []
  m_Father: {fileID: 3852296355977427797}
  m_RootOrder: 2
  m_LocalEulerAnglesHint: {x: 0, y: 0, z: 0}
--- !u!114 &6105153210868450806
MonoBehaviour:
  m_ObjectHideFlags: 0
  m_CorrespondingSourceObject: {fileID: 0}
  m_PrefabInstance: {fileID: 0}
  m_PrefabAsset: {fileID: 0}
  m_GameObject: {fileID: 8013924297208058359}
  m_Enabled: 1
  m_EditorHideFlags: 0
  m_Script: {fileID: 11500000, guid: aa3a99638fa2d534ab8e8547ffffa812, type: 3}
  m_Name: 
  m_EditorClassIdentifier: 
  _objectPoolings:
  - {fileID: 3880949976932292341}
  - {fileID: 350272987046774773}
--- !u!114 &3880949976932292341
MonoBehaviour:
  m_ObjectHideFlags: 0
  m_CorrespondingSourceObject: {fileID: 0}
  m_PrefabInstance: {fileID: 0}
  m_PrefabAsset: {fileID: 0}
  m_GameObject: {fileID: 8013924297208058359}
  m_Enabled: 1
  m_EditorHideFlags: 0
  m_Script: {fileID: 11500000, guid: e5e7d0914e19c4f45a56c16eed74893b, type: 3}
  m_Name: 
  m_EditorClassIdentifier: 
  _pooledGameObject: {fileID: 6303379572707844622, guid: d4039960561ae8543bfa4a79425890c7, type: 3}
  _pooledAmount: 5
  _pooledLocation: {fileID: 1266282727573109540}
--- !u!114 &350272987046774773
MonoBehaviour:
  m_ObjectHideFlags: 0
  m_CorrespondingSourceObject: {fileID: 0}
  m_PrefabInstance: {fileID: 0}
  m_PrefabAsset: {fileID: 0}
  m_GameObject: {fileID: 8013924297208058359}
  m_Enabled: 1
  m_EditorHideFlags: 0
  m_Script: {fileID: 11500000, guid: e5e7d0914e19c4f45a56c16eed74893b, type: 3}
  m_Name: 
  m_EditorClassIdentifier: 
  _pooledGameObject: {fileID: 2942509353415854214, guid: 512d3c3aca851e044bc856031334dbf1, type: 3}
  _pooledAmount: 5
  _pooledLocation: {fileID: 1266282727573109540}
--- !u!1001 &3852296357327137059
PrefabInstance:
  m_ObjectHideFlags: 0
  serializedVersion: 2
  m_Modification:
    m_TransformParent: {fileID: 3852296357649807435}
    m_Modifications:
    - target: {fileID: 100112, guid: 93fd379c52c0e954bb48dc31df4499f9, type: 3}
      propertyPath: m_Name
      value: skeleton_archer_blue
      objectReference: {fileID: 0}
    - target: {fileID: 400112, guid: 93fd379c52c0e954bb48dc31df4499f9, type: 3}
      propertyPath: m_RootOrder
      value: 1
      objectReference: {fileID: 0}
    - target: {fileID: 400112, guid: 93fd379c52c0e954bb48dc31df4499f9, type: 3}
      propertyPath: m_LocalScale.x
      value: 2
      objectReference: {fileID: 0}
    - target: {fileID: 400112, guid: 93fd379c52c0e954bb48dc31df4499f9, type: 3}
      propertyPath: m_LocalScale.y
      value: 2
      objectReference: {fileID: 0}
    - target: {fileID: 400112, guid: 93fd379c52c0e954bb48dc31df4499f9, type: 3}
      propertyPath: m_LocalScale.z
      value: 2
      objectReference: {fileID: 0}
    - target: {fileID: 400112, guid: 93fd379c52c0e954bb48dc31df4499f9, type: 3}
      propertyPath: m_LocalPosition.x
      value: 0
      objectReference: {fileID: 0}
    - target: {fileID: 400112, guid: 93fd379c52c0e954bb48dc31df4499f9, type: 3}
      propertyPath: m_LocalPosition.y
      value: 0
      objectReference: {fileID: 0}
    - target: {fileID: 400112, guid: 93fd379c52c0e954bb48dc31df4499f9, type: 3}
      propertyPath: m_LocalPosition.z
      value: 0
      objectReference: {fileID: 0}
    - target: {fileID: 400112, guid: 93fd379c52c0e954bb48dc31df4499f9, type: 3}
      propertyPath: m_LocalRotation.w
      value: 1
      objectReference: {fileID: 0}
    - target: {fileID: 400112, guid: 93fd379c52c0e954bb48dc31df4499f9, type: 3}
      propertyPath: m_LocalRotation.x
      value: -0
      objectReference: {fileID: 0}
    - target: {fileID: 400112, guid: 93fd379c52c0e954bb48dc31df4499f9, type: 3}
      propertyPath: m_LocalRotation.y
      value: -0
      objectReference: {fileID: 0}
    - target: {fileID: 400112, guid: 93fd379c52c0e954bb48dc31df4499f9, type: 3}
      propertyPath: m_LocalRotation.z
      value: -0
      objectReference: {fileID: 0}
    - target: {fileID: 400112, guid: 93fd379c52c0e954bb48dc31df4499f9, type: 3}
      propertyPath: m_LocalEulerAnglesHint.x
      value: 0
      objectReference: {fileID: 0}
    - target: {fileID: 400112, guid: 93fd379c52c0e954bb48dc31df4499f9, type: 3}
      propertyPath: m_LocalEulerAnglesHint.y
      value: 0
      objectReference: {fileID: 0}
    - target: {fileID: 400112, guid: 93fd379c52c0e954bb48dc31df4499f9, type: 3}
      propertyPath: m_LocalEulerAnglesHint.z
      value: 0
      objectReference: {fileID: 0}
    - target: {fileID: 9500000, guid: 93fd379c52c0e954bb48dc31df4499f9, type: 3}
      propertyPath: m_Enabled
      value: 0
      objectReference: {fileID: 0}
    - target: {fileID: 9500000, guid: 93fd379c52c0e954bb48dc31df4499f9, type: 3}
      propertyPath: m_Controller
      value: 
      objectReference: {fileID: 9100000, guid: b9ab4af5ee744544281d0ec8a913a829, type: 2}
    - target: {fileID: 9500000, guid: 93fd379c52c0e954bb48dc31df4499f9, type: 3}
      propertyPath: m_ApplyRootMotion
      value: 0
      objectReference: {fileID: 0}
    m_RemovedComponents:
    - {fileID: 9500000, guid: 93fd379c52c0e954bb48dc31df4499f9, type: 3}
  m_SourcePrefab: {fileID: 100100000, guid: 93fd379c52c0e954bb48dc31df4499f9, type: 3}
--- !u!4 &3852296357327270883 stripped
Transform:
  m_CorrespondingSourceObject: {fileID: 400064, guid: 93fd379c52c0e954bb48dc31df4499f9, type: 3}
  m_PrefabInstance: {fileID: 3852296357327137059}
  m_PrefabAsset: {fileID: 0}
--- !u!4 &3852296357327270867 stripped
Transform:
  m_CorrespondingSourceObject: {fileID: 400112, guid: 93fd379c52c0e954bb48dc31df4499f9, type: 3}
  m_PrefabInstance: {fileID: 3852296357327137059}
  m_PrefabAsset: {fileID: 0}
--- !u!137 &3852296357340701323 stripped
SkinnedMeshRenderer:
  m_CorrespondingSourceObject: {fileID: 13700008, guid: 93fd379c52c0e954bb48dc31df4499f9, type: 3}
  m_PrefabInstance: {fileID: 3852296357327137059}
  m_PrefabAsset: {fileID: 0}
