%YAML 1.1
%TAG !u! tag:unity3d.com,2011:
--- !u!1 &3254054895634745886
GameObject:
  m_ObjectHideFlags: 0
  m_CorrespondingSourceObject: {fileID: 0}
  m_PrefabInstance: {fileID: 0}
  m_PrefabAsset: {fileID: 0}
  serializedVersion: 6
  m_Component:
  - component: {fileID: 2819384729967685408}
  - component: {fileID: 3811955401842000809}
  - component: {fileID: 5826021902407288501}
  - component: {fileID: 7574570542863237665}
  - component: {fileID: 8057487042032637326}
  - component: {fileID: 1662940467488642049}
  - component: {fileID: 6299267268055671266}
  - component: {fileID: 8046451154066466160}
  - component: {fileID: 7232243329149064011}
  - component: {fileID: 214713727762915690}
  m_Layer: 6
  m_Name: Player
  m_TagString: Untagged
  m_Icon: {fileID: 0}
  m_NavMeshLayer: 0
  m_StaticEditorFlags: 0
  m_IsActive: 1
--- !u!4 &2819384729967685408
Transform:
  m_ObjectHideFlags: 0
  m_CorrespondingSourceObject: {fileID: 0}
  m_PrefabInstance: {fileID: 0}
  m_PrefabAsset: {fileID: 0}
  m_GameObject: {fileID: 3254054895634745886}
  m_LocalRotation: {x: -0, y: -0, z: -0, w: 1}
  m_LocalPosition: {x: 0, y: 0, z: 0}
  m_LocalScale: {x: 1, y: 1, z: 1}
  m_Children:
  - {fileID: 8874197453744900565}
  m_Father: {fileID: 8874197454076130585}
  m_RootOrder: 0
  m_LocalEulerAnglesHint: {x: 0, y: 0, z: 0}
--- !u!33 &3811955401842000809
MeshFilter:
  m_ObjectHideFlags: 0
  m_CorrespondingSourceObject: {fileID: 0}
  m_PrefabInstance: {fileID: 0}
  m_PrefabAsset: {fileID: 0}
  m_GameObject: {fileID: 3254054895634745886}
  m_Mesh: {fileID: 10208, guid: 0000000000000000e000000000000000, type: 0}
--- !u!23 &5826021902407288501
MeshRenderer:
  m_ObjectHideFlags: 0
  m_CorrespondingSourceObject: {fileID: 0}
  m_PrefabInstance: {fileID: 0}
  m_PrefabAsset: {fileID: 0}
  m_GameObject: {fileID: 3254054895634745886}
  m_Enabled: 1
  m_CastShadows: 1
  m_ReceiveShadows: 1
  m_DynamicOccludee: 1
  m_MotionVectors: 1
  m_LightProbeUsage: 1
  m_ReflectionProbeUsage: 1
  m_RayTracingMode: 2
  m_RayTraceProcedural: 0
  m_RenderingLayerMask: 1
  m_RendererPriority: 0
  m_Materials:
  - {fileID: 10303, guid: 0000000000000000f000000000000000, type: 0}
  m_StaticBatchInfo:
    firstSubMesh: 0
    subMeshCount: 0
  m_StaticBatchRoot: {fileID: 0}
  m_ProbeAnchor: {fileID: 0}
  m_LightProbeVolumeOverride: {fileID: 0}
  m_ScaleInLightmap: 1
  m_ReceiveGI: 1
  m_PreserveUVs: 0
  m_IgnoreNormalsForChartDetection: 0
  m_ImportantGI: 0
  m_StitchLightmapSeams: 1
  m_SelectedEditorRenderState: 3
  m_MinimumChartSize: 4
  m_AutoUVMaxDistance: 0.5
  m_AutoUVMaxAngle: 89
  m_LightmapParameters: {fileID: 0}
  m_SortingLayerID: 0
  m_SortingLayer: 0
  m_SortingOrder: 0
  m_AdditionalVertexStreams: {fileID: 0}
--- !u!54 &7574570542863237665
Rigidbody:
  m_ObjectHideFlags: 0
  m_CorrespondingSourceObject: {fileID: 0}
  m_PrefabInstance: {fileID: 0}
  m_PrefabAsset: {fileID: 0}
  m_GameObject: {fileID: 3254054895634745886}
  serializedVersion: 2
  m_Mass: 1
  m_Drag: 0
  m_AngularDrag: 0.05
  m_UseGravity: 1
  m_IsKinematic: 0
  m_Interpolate: 0
  m_Constraints: 112
  m_CollisionDetection: 2
--- !u!65 &8057487042032637326
BoxCollider:
  m_ObjectHideFlags: 0
  m_CorrespondingSourceObject: {fileID: 0}
  m_PrefabInstance: {fileID: 0}
  m_PrefabAsset: {fileID: 0}
  m_GameObject: {fileID: 3254054895634745886}
  m_Material: {fileID: 0}
  m_IsTrigger: 0
  m_Enabled: 1
  serializedVersion: 2
  m_Size: {x: 1, y: 2, z: 1}
  m_Center: {x: 0, y: 0, z: 0}
--- !u!114 &1662940467488642049
MonoBehaviour:
  m_ObjectHideFlags: 0
  m_CorrespondingSourceObject: {fileID: 0}
  m_PrefabInstance: {fileID: 0}
  m_PrefabAsset: {fileID: 0}
  m_GameObject: {fileID: 3254054895634745886}
  m_Enabled: 1
  m_EditorHideFlags: 0
  m_Script: {fileID: 11500000, guid: 782eca9fe5443c949909624a0a2fc6c3, type: 3}
  m_Name: 
  m_EditorClassIdentifier: 
  _playerRigidbody: {fileID: 7574570542863237665}
  _fpsCamera: {fileID: 8874197454339671677}
--- !u!114 &6299267268055671266
MonoBehaviour:
  m_ObjectHideFlags: 0
  m_CorrespondingSourceObject: {fileID: 0}
  m_PrefabInstance: {fileID: 0}
  m_PrefabAsset: {fileID: 0}
  m_GameObject: {fileID: 3254054895634745886}
  m_Enabled: 1
  m_EditorHideFlags: 0
  m_Script: {fileID: 11500000, guid: a80507132e53010479ad4be45fb85a99, type: 3}
  m_Name: 
  m_EditorClassIdentifier: 
--- !u!114 &8046451154066466160
MonoBehaviour:
  m_ObjectHideFlags: 0
  m_CorrespondingSourceObject: {fileID: 0}
  m_PrefabInstance: {fileID: 0}
  m_PrefabAsset: {fileID: 0}
  m_GameObject: {fileID: 3254054895634745886}
  m_Enabled: 1
  m_EditorHideFlags: 0
  m_Script: {fileID: 11500000, guid: e5e7d0914e19c4f45a56c16eed74893b, type: 3}
  m_Name: 
  m_EditorClassIdentifier: 
  _pooledGameObject: {fileID: 220720596868528707, guid: e6c954d175cf07b408884ca5f61835d7, type: 3}
  _pooledAmount: 10
  _pooledLocation: {fileID: 6844694921542430181}
--- !u!114 &7232243329149064011
MonoBehaviour:
  m_ObjectHideFlags: 0
  m_CorrespondingSourceObject: {fileID: 0}
  m_PrefabInstance: {fileID: 0}
  m_PrefabAsset: {fileID: 0}
  m_GameObject: {fileID: 3254054895634745886}
  m_Enabled: 1
  m_EditorHideFlags: 0
  m_Script: {fileID: 11500000, guid: 3cacd4a2b1a2bad43a9920e496d22970, type: 3}
  m_Name: 
  m_EditorClassIdentifier: 
  _playerData: {fileID: 11400000, guid: 7bfdd65d4d6577b49b5fbb3a41f4a663, type: 2}
  _fpsCamera: {fileID: 8874197454339671676}
  _weaponLocation: {fileID: 6844694922369597732}
  _projectilePooling: {fileID: 8046451154066466160}
--- !u!114 &214713727762915690
MonoBehaviour:
  m_ObjectHideFlags: 0
  m_CorrespondingSourceObject: {fileID: 0}
  m_PrefabInstance: {fileID: 0}
  m_PrefabAsset: {fileID: 0}
  m_GameObject: {fileID: 3254054895634745886}
  m_Enabled: 1
  m_EditorHideFlags: 0
  m_Script: {fileID: 11500000, guid: 0c9db11b88b7bfd40bf806d1baa5ec84, type: 3}
  m_Name: 
  m_EditorClassIdentifier: 
  _ammoText: {fileID: 0}
  _healthText: {fileID: 0}
  _scoreText: {fileID: 0}
  _screenDamageAnimator: {fileID: 0}
--- !u!1 &5969420556495477234
GameObject:
  m_ObjectHideFlags: 0
  m_CorrespondingSourceObject: {fileID: 0}
  m_PrefabInstance: {fileID: 0}
  m_PrefabAsset: {fileID: 0}
  serializedVersion: 6
  m_Component:
  - component: {fileID: 8817073578850945171}
  m_Layer: 6
  m_Name: First Person Camera
  m_TagString: Untagged
  m_Icon: {fileID: 0}
  m_NavMeshLayer: 0
  m_StaticEditorFlags: 0
  m_IsActive: 1
--- !u!4 &8817073578850945171
Transform:
  m_ObjectHideFlags: 0
  m_CorrespondingSourceObject: {fileID: 0}
  m_PrefabInstance: {fileID: 0}
  m_PrefabAsset: {fileID: 0}
  m_GameObject: {fileID: 5969420556495477234}
  m_LocalRotation: {x: 0, y: 0, z: 0, w: 1}
  m_LocalPosition: {x: 0, y: 0, z: 0}
  m_LocalScale: {x: 1, y: 1, z: 1}
  m_Children:
  - {fileID: 8874197454339671677}
  - {fileID: 8874197454131948496}
  m_Father: {fileID: 8874197454076130585}
  m_RootOrder: 1
  m_LocalEulerAnglesHint: {x: 0, y: 0, z: 0}
--- !u!1 &6844694921542430180
GameObject:
  m_ObjectHideFlags: 0
  m_CorrespondingSourceObject: {fileID: 0}
  m_PrefabInstance: {fileID: 0}
  m_PrefabAsset: {fileID: 0}
  serializedVersion: 6
  m_Component:
  - component: {fileID: 6844694921542430181}
  m_Layer: 6
  m_Name: Projectile Location
  m_TagString: Untagged
  m_Icon: {fileID: 0}
  m_NavMeshLayer: 0
  m_StaticEditorFlags: 0
  m_IsActive: 1
--- !u!4 &6844694921542430181
Transform:
  m_ObjectHideFlags: 0
  m_CorrespondingSourceObject: {fileID: 0}
  m_PrefabInstance: {fileID: 0}
  m_PrefabAsset: {fileID: 0}
  m_GameObject: {fileID: 6844694921542430180}
  m_LocalRotation: {x: -0, y: -0, z: -0, w: 1}
  m_LocalPosition: {x: -0.023000002, y: 0.021000028, z: -0.12}
  m_LocalScale: {x: 1, y: 1, z: 1}
  m_Children:
  - {fileID: 8422360115953164254}
  m_Father: {fileID: 6844694922369597732}
  m_RootOrder: 1
  m_LocalEulerAnglesHint: {x: 0, y: 0, z: 0}
--- !u!1 &8422360115952862206
GameObject:
  m_ObjectHideFlags: 0
  m_CorrespondingSourceObject: {fileID: 0}
  m_PrefabInstance: {fileID: 0}
  m_PrefabAsset: {fileID: 0}
  serializedVersion: 6
  m_Component:
  - component: {fileID: 8422360115953164254}
  - component: {fileID: 8422360115956031486}
  - component: {fileID: 8422360115955064126}
  m_Layer: 6
  m_Name: Arrow
  m_TagString: Untagged
  m_Icon: {fileID: 0}
  m_NavMeshLayer: 0
  m_StaticEditorFlags: 0
  m_IsActive: 0
--- !u!4 &8422360115953164254
Transform:
  m_ObjectHideFlags: 0
  m_CorrespondingSourceObject: {fileID: 0}
  m_PrefabInstance: {fileID: 0}
  m_PrefabAsset: {fileID: 0}
  m_GameObject: {fileID: 8422360115952862206}
  m_LocalRotation: {x: -0.7071068, y: 0, z: 0, w: 0.7071068}
  m_LocalPosition: {x: 0, y: 0, z: 0}
  m_LocalScale: {x: 1, y: 1, z: 1}
  m_Children: []
  m_Father: {fileID: 6844694921542430181}
  m_RootOrder: 0
  m_LocalEulerAnglesHint: {x: -90, y: 0, z: 0}
--- !u!33 &8422360115956031486
MeshFilter:
  m_ObjectHideFlags: 0
  m_CorrespondingSourceObject: {fileID: 0}
  m_PrefabInstance: {fileID: 0}
  m_PrefabAsset: {fileID: 0}
  m_GameObject: {fileID: 8422360115952862206}
  m_Mesh: {fileID: 4300000, guid: ee2b0b8603974134a87ae197eac676d7, type: 3}
--- !u!23 &8422360115955064126
MeshRenderer:
  m_ObjectHideFlags: 0
  m_CorrespondingSourceObject: {fileID: 0}
  m_PrefabInstance: {fileID: 0}
  m_PrefabAsset: {fileID: 0}
  m_GameObject: {fileID: 8422360115952862206}
  m_Enabled: 1
  m_CastShadows: 1
  m_ReceiveShadows: 1
  m_DynamicOccludee: 1
  m_MotionVectors: 1
  m_LightProbeUsage: 1
  m_ReflectionProbeUsage: 1
  m_RayTracingMode: 2
  m_RayTraceProcedural: 0
  m_RenderingLayerMask: 1
  m_RendererPriority: 0
  m_Materials:
  - {fileID: 2100000, guid: 3a04ed064e40d4a42a4489e068d25693, type: 2}
  m_StaticBatchInfo:
    firstSubMesh: 0
    subMeshCount: 0
  m_StaticBatchRoot: {fileID: 0}
  m_ProbeAnchor: {fileID: 0}
  m_LightProbeVolumeOverride: {fileID: 0}
  m_ScaleInLightmap: 1
  m_ReceiveGI: 1
  m_PreserveUVs: 0
  m_IgnoreNormalsForChartDetection: 0
  m_ImportantGI: 0
  m_StitchLightmapSeams: 1
  m_SelectedEditorRenderState: 3
  m_MinimumChartSize: 4
  m_AutoUVMaxDistance: 0.5
  m_AutoUVMaxAngle: 89
  m_LightmapParameters: {fileID: 0}
  m_SortingLayerID: 0
  m_SortingLayer: 0
  m_SortingOrder: 0
  m_AdditionalVertexStreams: {fileID: 0}
--- !u!1 &8874197453744900564
GameObject:
  m_ObjectHideFlags: 0
  m_CorrespondingSourceObject: {fileID: 0}
  m_PrefabInstance: {fileID: 0}
  m_PrefabAsset: {fileID: 0}
  serializedVersion: 6
  m_Component:
  - component: {fileID: 8874197453744900565}
  m_Layer: 6
  m_Name: Sight
  m_TagString: Untagged
  m_Icon: {fileID: 0}
  m_NavMeshLayer: 0
  m_StaticEditorFlags: 0
  m_IsActive: 1
--- !u!4 &8874197453744900565
Transform:
  m_ObjectHideFlags: 0
  m_CorrespondingSourceObject: {fileID: 0}
  m_PrefabInstance: {fileID: 0}
  m_PrefabAsset: {fileID: 0}
  m_GameObject: {fileID: 8874197453744900564}
  m_LocalRotation: {x: -0, y: -0, z: -0, w: 1}
  m_LocalPosition: {x: 0, y: 1.09, z: 0}
  m_LocalScale: {x: 1, y: 1, z: 1}
  m_Children: []
  m_Father: {fileID: 2819384729967685408}
  m_RootOrder: 0
  m_LocalEulerAnglesHint: {x: 0, y: 0, z: 0}
--- !u!1 &8874197454076130584
GameObject:
  m_ObjectHideFlags: 0
  m_CorrespondingSourceObject: {fileID: 0}
  m_PrefabInstance: {fileID: 0}
  m_PrefabAsset: {fileID: 0}
  serializedVersion: 6
  m_Component:
  - component: {fileID: 8874197454076130585}
  - component: {fileID: 8874197454076130586}
  m_Layer: 6
  m_Name: Player Controller
  m_TagString: Untagged
  m_Icon: {fileID: 0}
  m_NavMeshLayer: 0
  m_StaticEditorFlags: 0
  m_IsActive: 1
--- !u!4 &8874197454076130585
Transform:
  m_ObjectHideFlags: 0
  m_CorrespondingSourceObject: {fileID: 0}
  m_PrefabInstance: {fileID: 0}
  m_PrefabAsset: {fileID: 0}
  m_GameObject: {fileID: 8874197454076130584}
  m_LocalRotation: {x: 0, y: 0, z: 0, w: 1}
  m_LocalPosition: {x: 35.1, y: 1.5, z: -26.08}
  m_LocalScale: {x: 1, y: 1, z: 1}
  m_Children:
  - {fileID: 2819384729967685408}
  - {fileID: 8817073578850945171}
  m_Father: {fileID: 0}
  m_RootOrder: 0
  m_LocalEulerAnglesHint: {x: 0, y: 0, z: 0}
--- !u!114 &8874197454076130586
MonoBehaviour:
  m_ObjectHideFlags: 0
  m_CorrespondingSourceObject: {fileID: 0}
  m_PrefabInstance: {fileID: 0}
  m_PrefabAsset: {fileID: 0}
  m_GameObject: {fileID: 8874197454076130584}
  m_Enabled: 1
  m_EditorHideFlags: 0
  m_Script: {fileID: 11500000, guid: 1dac852c080403547a87a92baee26fc4, type: 3}
  m_Name: 
  m_EditorClassIdentifier: 
  _playerData: {fileID: 11400000, guid: 7bfdd65d4d6577b49b5fbb3a41f4a663, type: 2}
  _playerMovement: {fileID: 1662940467488642049}
  _playerShooting: {fileID: 7232243329149064011}
  _health: {fileID: 6299267268055671266}
  _playerHUD: {fileID: 214713727762915690}
--- !u!1001 &1509356727364388879
PrefabInstance:
  m_ObjectHideFlags: 0
  serializedVersion: 2
  m_Modification:
    m_TransformParent: {fileID: 8817073578850945171}
    m_Modifications:
    - target: {fileID: 8058404709690576497, guid: c891496d466322f44a9fbcdb803513b9, type: 3}
      propertyPath: m_Name
      value: First Person Main Camera
      objectReference: {fileID: 0}
    - target: {fileID: 8058404709690576497, guid: c891496d466322f44a9fbcdb803513b9, type: 3}
      propertyPath: m_Layer
      value: 6
      objectReference: {fileID: 0}
    - target: {fileID: 8058404709690576498, guid: c891496d466322f44a9fbcdb803513b9, type: 3}
      propertyPath: m_RootOrder
      value: 0
      objectReference: {fileID: 0}
    - target: {fileID: 8058404709690576498, guid: c891496d466322f44a9fbcdb803513b9, type: 3}
      propertyPath: m_LocalPosition.x
      value: 0
      objectReference: {fileID: 0}
    - target: {fileID: 8058404709690576498, guid: c891496d466322f44a9fbcdb803513b9, type: 3}
      propertyPath: m_LocalPosition.y
      value: 1.0900002
      objectReference: {fileID: 0}
    - target: {fileID: 8058404709690576498, guid: c891496d466322f44a9fbcdb803513b9, type: 3}
      propertyPath: m_LocalPosition.z
      value: 0
      objectReference: {fileID: 0}
    - target: {fileID: 8058404709690576498, guid: c891496d466322f44a9fbcdb803513b9, type: 3}
      propertyPath: m_LocalRotation.w
      value: 1
      objectReference: {fileID: 0}
    - target: {fileID: 8058404709690576498, guid: c891496d466322f44a9fbcdb803513b9, type: 3}
      propertyPath: m_LocalRotation.x
      value: -0
      objectReference: {fileID: 0}
    - target: {fileID: 8058404709690576498, guid: c891496d466322f44a9fbcdb803513b9, type: 3}
      propertyPath: m_LocalRotation.y
      value: -0
      objectReference: {fileID: 0}
    - target: {fileID: 8058404709690576498, guid: c891496d466322f44a9fbcdb803513b9, type: 3}
      propertyPath: m_LocalRotation.z
      value: -0
      objectReference: {fileID: 0}
    - target: {fileID: 8058404709690576498, guid: c891496d466322f44a9fbcdb803513b9, type: 3}
      propertyPath: m_LocalEulerAnglesHint.x
      value: 0
      objectReference: {fileID: 0}
    - target: {fileID: 8058404709690576498, guid: c891496d466322f44a9fbcdb803513b9, type: 3}
      propertyPath: m_LocalEulerAnglesHint.y
      value: 0
      objectReference: {fileID: 0}
    - target: {fileID: 8058404709690576498, guid: c891496d466322f44a9fbcdb803513b9, type: 3}
      propertyPath: m_LocalEulerAnglesHint.z
      value: 0
      objectReference: {fileID: 0}
    m_RemovedComponents: []
  m_SourcePrefab: {fileID: 100100000, guid: c891496d466322f44a9fbcdb803513b9, type: 3}
--- !u!4 &8874197454339671677 stripped
Transform:
  m_CorrespondingSourceObject: {fileID: 8058404709690576498, guid: c891496d466322f44a9fbcdb803513b9, type: 3}
  m_PrefabInstance: {fileID: 1509356727364388879}
  m_PrefabAsset: {fileID: 0}
--- !u!20 &8874197454339671676 stripped
Camera:
  m_CorrespondingSourceObject: {fileID: 8058404709690576499, guid: c891496d466322f44a9fbcdb803513b9, type: 3}
  m_PrefabInstance: {fileID: 1509356727364388879}
  m_PrefabAsset: {fileID: 0}
--- !u!1001 &2254351601693365945
PrefabInstance:
  m_ObjectHideFlags: 0
  serializedVersion: 2
  m_Modification:
    m_TransformParent: {fileID: 8817073578850945171}
    m_Modifications:
    - target: {fileID: 7236839605426847080, guid: 3c1a19d329138984392d14a264a889cf, type: 3}
      propertyPath: _inputManager
      value: 
      objectReference: {fileID: 0}
    - target: {fileID: 7236839605426847080, guid: 3c1a19d329138984392d14a264a889cf, type: 3}
      propertyPath: _verticalAngle
      value: 40
      objectReference: {fileID: 0}
    - target: {fileID: 7236839605426847081, guid: 3c1a19d329138984392d14a264a889cf, type: 3}
      propertyPath: m_RootOrder
      value: 1
      objectReference: {fileID: 0}
    - target: {fileID: 7236839605426847081, guid: 3c1a19d329138984392d14a264a889cf, type: 3}
      propertyPath: m_LocalPosition.x
      value: 0
      objectReference: {fileID: 0}
    - target: {fileID: 7236839605426847081, guid: 3c1a19d329138984392d14a264a889cf, type: 3}
      propertyPath: m_LocalPosition.y
      value: 1.0900002
      objectReference: {fileID: 0}
    - target: {fileID: 7236839605426847081, guid: 3c1a19d329138984392d14a264a889cf, type: 3}
      propertyPath: m_LocalPosition.z
      value: 0
      objectReference: {fileID: 0}
    - target: {fileID: 7236839605426847081, guid: 3c1a19d329138984392d14a264a889cf, type: 3}
      propertyPath: m_LocalRotation.w
      value: 1
      objectReference: {fileID: 0}
    - target: {fileID: 7236839605426847081, guid: 3c1a19d329138984392d14a264a889cf, type: 3}
      propertyPath: m_LocalRotation.x
      value: -0
      objectReference: {fileID: 0}
    - target: {fileID: 7236839605426847081, guid: 3c1a19d329138984392d14a264a889cf, type: 3}
      propertyPath: m_LocalRotation.y
      value: -0
      objectReference: {fileID: 0}
    - target: {fileID: 7236839605426847081, guid: 3c1a19d329138984392d14a264a889cf, type: 3}
      propertyPath: m_LocalRotation.z
      value: -0
      objectReference: {fileID: 0}
    - target: {fileID: 7236839605426847081, guid: 3c1a19d329138984392d14a264a889cf, type: 3}
      propertyPath: m_LocalEulerAnglesHint.x
      value: 0
      objectReference: {fileID: 0}
    - target: {fileID: 7236839605426847081, guid: 3c1a19d329138984392d14a264a889cf, type: 3}
      propertyPath: m_LocalEulerAnglesHint.y
      value: 0
      objectReference: {fileID: 0}
    - target: {fileID: 7236839605426847081, guid: 3c1a19d329138984392d14a264a889cf, type: 3}
      propertyPath: m_LocalEulerAnglesHint.z
      value: 0
      objectReference: {fileID: 0}
    - target: {fileID: 7236839605426847082, guid: 3c1a19d329138984392d14a264a889cf, type: 3}
      propertyPath: m_Follow
      value: 
      objectReference: {fileID: 8874197453744900565}
    - target: {fileID: 7236839605426847083, guid: 3c1a19d329138984392d14a264a889cf, type: 3}
      propertyPath: m_Name
      value: First Person Virtual Camera
      objectReference: {fileID: 0}
    - target: {fileID: 7236839605426847083, guid: 3c1a19d329138984392d14a264a889cf, type: 3}
      propertyPath: m_Layer
      value: 6
      objectReference: {fileID: 0}
    - target: {fileID: 7236839605452688526, guid: 3c1a19d329138984392d14a264a889cf, type: 3}
      propertyPath: m_Layer
      value: 6
      objectReference: {fileID: 0}
    m_RemovedComponents: []
  m_SourcePrefab: {fileID: 100100000, guid: 3c1a19d329138984392d14a264a889cf, type: 3}
--- !u!4 &8874197454131948496 stripped
Transform:
  m_CorrespondingSourceObject: {fileID: 7236839605426847081, guid: 3c1a19d329138984392d14a264a889cf, type: 3}
  m_PrefabInstance: {fileID: 2254351601693365945}
  m_PrefabAsset: {fileID: 0}
--- !u!1001 &5128227866914431318
PrefabInstance:
  m_ObjectHideFlags: 0
  serializedVersion: 2
  m_Modification:
    m_TransformParent: {fileID: 8874197454339671677}
    m_Modifications:
    - target: {fileID: 1861708307055714418, guid: f0095901b60dad043b95d9b644d167cf, type: 3}
      propertyPath: m_RootOrder
      value: 0
      objectReference: {fileID: 0}
    - target: {fileID: 1861708307055714418, guid: f0095901b60dad043b95d9b644d167cf, type: 3}
      propertyPath: m_LocalPosition.x
      value: 0.63
      objectReference: {fileID: 0}
    - target: {fileID: 1861708307055714418, guid: f0095901b60dad043b95d9b644d167cf, type: 3}
      propertyPath: m_LocalPosition.y
      value: -0.11099994
      objectReference: {fileID: 0}
    - target: {fileID: 1861708307055714418, guid: f0095901b60dad043b95d9b644d167cf, type: 3}
      propertyPath: m_LocalPosition.z
      value: 1.099
      objectReference: {fileID: 0}
    - target: {fileID: 1861708307055714418, guid: f0095901b60dad043b95d9b644d167cf, type: 3}
      propertyPath: m_LocalRotation.w
      value: 1
      objectReference: {fileID: 0}
    - target: {fileID: 1861708307055714418, guid: f0095901b60dad043b95d9b644d167cf, type: 3}
      propertyPath: m_LocalRotation.x
      value: -0
      objectReference: {fileID: 0}
    - target: {fileID: 1861708307055714418, guid: f0095901b60dad043b95d9b644d167cf, type: 3}
      propertyPath: m_LocalRotation.y
      value: -0
      objectReference: {fileID: 0}
    - target: {fileID: 1861708307055714418, guid: f0095901b60dad043b95d9b644d167cf, type: 3}
      propertyPath: m_LocalRotation.z
      value: -0
      objectReference: {fileID: 0}
    - target: {fileID: 1861708307055714418, guid: f0095901b60dad043b95d9b644d167cf, type: 3}
      propertyPath: m_LocalEulerAnglesHint.x
      value: 0
      objectReference: {fileID: 0}
    - target: {fileID: 1861708307055714418, guid: f0095901b60dad043b95d9b644d167cf, type: 3}
      propertyPath: m_LocalEulerAnglesHint.y
      value: 0
      objectReference: {fileID: 0}
    - target: {fileID: 1861708307055714418, guid: f0095901b60dad043b95d9b644d167cf, type: 3}
      propertyPath: m_LocalEulerAnglesHint.z
      value: 0
      objectReference: {fileID: 0}
    - target: {fileID: 1861708307055819858, guid: f0095901b60dad043b95d9b644d167cf, type: 3}
      propertyPath: m_Name
      value: Weapon Location
      objectReference: {fileID: 0}
    - target: {fileID: 1861708307055819858, guid: f0095901b60dad043b95d9b644d167cf, type: 3}
      propertyPath: m_Layer
      value: 6
      objectReference: {fileID: 0}
    - target: {fileID: 1861708307055819858, guid: f0095901b60dad043b95d9b644d167cf, type: 3}
      propertyPath: m_IsActive
      value: 1
      objectReference: {fileID: 0}
    - target: {fileID: 1861708307055819864, guid: f0095901b60dad043b95d9b644d167cf, type: 3}
      propertyPath: m_Name
      value: Bow
      objectReference: {fileID: 0}
    - target: {fileID: 1861708307055819864, guid: f0095901b60dad043b95d9b644d167cf, type: 3}
      propertyPath: m_Layer
      value: 6
      objectReference: {fileID: 0}
    - target: {fileID: 1861708307055819864, guid: f0095901b60dad043b95d9b644d167cf, type: 3}
      propertyPath: m_IsActive
      value: 0
      objectReference: {fileID: 0}
    m_RemovedComponents:
    - {fileID: 1631582967170983403, guid: f0095901b60dad043b95d9b644d167cf, type: 3}
  m_SourcePrefab: {fileID: 100100000, guid: f0095901b60dad043b95d9b644d167cf, type: 3}
--- !u!4 &6844694922369597732 stripped
Transform:
  m_CorrespondingSourceObject: {fileID: 1861708307055714418, guid: f0095901b60dad043b95d9b644d167cf, type: 3}
  m_PrefabInstance: {fileID: 5128227866914431318}
  m_PrefabAsset: {fileID: 0}
